<record><leader>00000cas a22000007a 4500</leader><controlfield tag="001">11881080</controlfield><controlfield tag="008">850403u1931uuuunhumr ne      0   a0eng d</controlfield><datafield ind1=" " ind2=" " tag="010"><subfield code="a">sn 85064793 </subfield></datafield><datafield ind1=" " ind2=" " tag="040"><subfield code="a">HSA</subfield><subfield code="b">eng</subfield><subfield code="c">HSA</subfield><subfield code="d">NYG</subfield><subfield code="d">NST</subfield><subfield code="d">NVH</subfield><subfield code="d">CRU</subfield><subfield code="d">OCLCQ</subfield><subfield code="d">OCLCF</subfield><subfield code="d">OCLCO</subfield></datafield><datafield ind1=" " ind2=" " tag="012"><subfield code="i">9004</subfield></datafield><datafield ind1="1" ind2=" " tag="029"><subfield code="a">AU@</subfield><subfield code="b">000025836868</subfield></datafield><datafield ind1=" " ind2=" " tag="042"><subfield code="a">msc</subfield></datafield><datafield ind1=" " ind2=" " tag="043"><subfield code="a">n-us-nh</subfield></datafield><datafield ind1="1" ind2="4" tag="050"><subfield code="a">F39</subfield><subfield code="b">.N67</subfield></datafield><datafield ind1=" " ind2=" " tag="092"><subfield code="a">917.42</subfield><subfield code="b">N538</subfield></datafield><datafield ind1="0" ind2="4" tag="245"><subfield code="a">The New Hampshire troubadour.</subfield></datafield><datafield ind1=" " ind2=" " tag="260"><subfield code="a">Concord, N.H. :</subfield><subfield code="b">State of New Hampshire Development Commission</subfield></datafield><datafield ind1=" " ind2=" " tag="300"><subfield code="a">v.</subfield></datafield><datafield ind1=" " ind2=" " tag="310"><subfield code="a">Monthly</subfield></datafield><datafield ind1="1" ind2=" " tag="362"><subfield code="a">Began in Apr. 1931.</subfield></datafield><datafield ind1=" " ind2=" " tag="588"><subfield code="a">Description based on: Vol. 1, no. 2 (May 1931).</subfield></datafield><datafield ind1=" " ind2="0" tag="651"><subfield code="a">New Hampshire</subfield><subfield code="v">Periodicals.</subfield></datafield><datafield ind1=" " ind2="7" tag="655"><subfield code="a">Periodicals.</subfield><subfield code="2">fast</subfield><subfield code="0">(OCoLC)fst01411641</subfield></datafield><datafield ind1=" " ind2="7" tag="651"><subfield code="a">New Hampshire.</subfield><subfield code="2">fast</subfield><subfield code="0">(OCoLC)fst01204318</subfield></datafield><datafield ind1=" " ind2=" " tag="752"><subfield code="a">United States</subfield><subfield code="b">New Hampshire</subfield><subfield code="c">Merrimack</subfield><subfield code="d">Concord.</subfield></datafield><datafield ind1=" " ind2=" " tag="850"><subfield code="a">NcD</subfield></datafield></record>